<record><leader>00000cas a2200000 a 4500</leader><controlfield tag="001">15512259</controlfield><controlfield tag="008">870410d19861998fludn ne      0   a0eng c</controlfield><datafield ind1=" " ind2=" " tag="010"><subfield code="a">sn 87008331 </subfield></datafield><datafield ind1=" " ind2=" " tag="040"><subfield code="a">NSD</subfield><subfield code="b">eng</subfield><subfield code="c">NSD</subfield><subfield code="d">FUG</subfield><subfield code="d">NYS</subfield><subfield code="d">OCLCQ</subfield><subfield code="d">OCLCF</subfield><subfield code="d">OCLCO</subfield></datafield><datafield ind1=" " ind2=" " tag="012"><subfield code="i">9603</subfield><subfield code="l">1</subfield><subfield code="m">1</subfield></datafield><datafield ind1="1" ind2=" " tag="022"><subfield code="a">0893-3642</subfield><subfield code="l">0893-3642</subfield><subfield code="2">1</subfield></datafield><datafield ind1="1" ind2=" " tag="029"><subfield code="a">AU@</subfield><subfield code="b">000020460880</subfield></datafield><datafield ind1=" " ind2=" " tag="032"><subfield code="a">481280</subfield><subfield code="b">USPS</subfield></datafield><datafield ind1=" " ind2=" " tag="042"><subfield code="a">nsdp</subfield><subfield code="a">pcc</subfield></datafield><datafield ind1=" " ind2=" " tag="043"><subfield code="a">n-us-fl</subfield></datafield><datafield ind1="0" ind2=" " tag="130"><subfield code="a">Sanford herald (Sanford, Fla. : 1986)</subfield></datafield><datafield ind1=" " ind2="0" tag="222"><subfield code="a">Sanford herald</subfield><subfield code="b">(Sanford, Fla.)</subfield></datafield><datafield ind1="0" ind2="0" tag="245"><subfield code="a">Sanford herald.</subfield></datafield><datafield ind1=" " ind2=" " tag="260"><subfield code="a">Sanford, Fla. :</subfield><subfield code="b">The Sanford Herald,</subfield><subfield code="c">1986-[1998]</subfield></datafield><datafield ind1=" " ind2=" " tag="300"><subfield code="a">v.</subfield></datafield><datafield ind1=" " ind2=" " tag="310"><subfield code="a">Daily (except Saturday)</subfield></datafield><datafield ind1="0" ind2=" " tag="362"><subfield code="a">79th year, no. 63 (Nov. 4, 1986)-</subfield></datafield><datafield ind1="1" ind2=" " tag="362"><subfield code="a">Ceased in 1998.</subfield></datafield><datafield ind1=" " ind2="0" tag="651"><subfield code="a">Sanford (Fla.)</subfield><subfield code="v">Newspapers.</subfield></datafield><datafield ind1=" " ind2="0" tag="651"><subfield code="a">Seminole County (Fla.)</subfield><subfield code="v">Newspapers.</subfield></datafield><datafield ind1=" " ind2="7" tag="655"><subfield code="a">Newspapers.</subfield><subfield code="2">fast</subfield><subfield code="0">(OCoLC)fst01423814</subfield></datafield><datafield ind1=" " ind2="7" tag="651"><subfield code="a">Florida</subfield><subfield code="z">Sanford.</subfield><subfield code="2">fast</subfield><subfield code="0">(OCoLC)fst01218546</subfield></datafield><datafield ind1=" " ind2="7" tag="651"><subfield code="a">Florida</subfield><subfield code="z">Seminole County.</subfield><subfield code="2">fast</subfield><subfield code="0">(OCoLC)fst01210831</subfield></datafield><datafield ind1=" " ind2=" " tag="752"><subfield code="a">United States</subfield><subfield code="b">Florida</subfield><subfield code="c">Seminole</subfield><subfield code="d">Sanford.</subfield></datafield><datafield ind1="0" ind2="0" tag="780"><subfield code="t">Evening herald (Sanford, Fla.)</subfield><subfield code="w">(DLC)sn 96027223</subfield><subfield code="w">(OCoLC)34466890</subfield></datafield><datafield ind1="0" ind2="0" tag="785"><subfield code="t">Seminole herald</subfield><subfield code="w">(DLC)sn 00063009</subfield><subfield code="w">(OCoLC)40355145</subfield></datafield><datafield ind1=" " ind2=" " tag="850"><subfield code="a">FU</subfield></datafield><datafield ind1=" " ind2=" " tag="936"><subfield code="a">88th year, no. 8 (Aug. 31, 1995) LIC</subfield></datafield></record>